% This file was created with JabRef 2.10b2.
% Encoding: UTF-8
@article{operacao2017,
  title={Manual de Campanha EB70-MC-10.223 Operações},
  author={Brasil, Estado-Maior do Exército},
  volume={5},
  number={1},
  pages={1--98},
  year={2017}
}
@article{comandoecontrole2015,
  title={Manual de Campanha EB20-MC-10.205 COMANDO E CONTROLE},
  author={Brasil,  Estado-Maior do Exército},
  volume={1},
  number={1},
  pages={1--79},
  year={2015}
}
@article{undestanding2006,
  title={UNDERSTANDING
COMMAND AND CONTROL},
  author={Alberts, David S. and Hayes, Richard E.},
  volume={},
  number={},
  pages={1--249},
  year={2006},
  publisher={Washington, DC: CCRP}
}
@article{thesecommandandcontrol,
  title={Command and Control: An Introducion},
  author={Bethmann, Ronald C. and Malloy, Karen A.},
  volume={},
  number={},
  pages={1--193},
  year={1989},
  publisher={Monterey, California, DC: Nava Postgraduate School}
}
@article{kim2003financial,
  title={Financial time series forecasting using support vector machines},
  author={Kim, Kyoung-jae},
  journal={Neurocomputing},
  volume={55},
  number={1-2},
  pages={307--319},
  year={2003},
  publisher={Elsevier}
}